aileneettinger@Ailenes-MacBook-Air.local.3474