
%% Saved with string encoding Unicode (UTF-8) 


@article{davies2013phylogenetic,
  title={Phylogenetic conservatism in plant phenology},
  author={Davies, T Jonathan and Wolkovich, Elizabeth M and Kraft, Nathan JB and Salamin, Nicolas and Allen, Jenica M and Ault, Toby R and Betancourt, Julio L and Bolmgren, Kjell and Cleland, Elsa E and Cook, Benjamin I and others},
  journal={Journal of Ecology},
  volume={101},
  number={6},
  pages={1520--1530},
  year={2013},
  publisher={Wiley Online Library}
}

@article{rafferty2017global,
  title={A global test for phylogenetic signal in shifts in flowering time under climate change},
  author={Rafferty, Nicole E and Nabity, Paul D},
  journal={Journal of Ecology},
  volume={105},
  number={3},
  pages={627--633},
  year={2017},
  publisher={Wiley Online Library}
}

@article{joly2019importance,
  title={On the importance of accounting for intraspecific genomic relatedness in multi-species studies},
  author={Joly, Simon and Flynn, Dan FB and Wolkovich, Elizabeth M},
  journal={Methods in Ecology and Evolution},
  year={2019},
  publisher={Wiley Online Library}
}

@article{munguia2011meta,
  title={Meta-analysis of phenotypic selection on flowering phenology suggests that early flowering plants are favoured},
  author={Mungu{\'\i}a-Rosas, Miguel A and Ollerton, Jeff and Parra-Tabla, Victor and De-Nova, J Arturo},
  journal={Ecology letters},
  volume={14},
  number={5},
  pages={511--521},
  year={2011},
  publisher={Wiley Online Library}
}

@article{ackerly2009conservatism,
  title={Conservatism and diversification of plant functional traits: evolutionary rates versus phylogenetic signal},
  author={Ackerly, David},
  journal={Proceedings of the National Academy of Sciences},
  volume={106},
  number={Supplement 2},
  pages={19699--19706},
  year={2009},
  publisher={National Acad Sciences}
}

@article{bolmgren2008time,
  title={Time--size tradeoffs: A phylogenetic comparative study of flowering time, plant height and seed mass in a north-temperate flora},
  author={Bolmgren, Kjell and D. Cowan, Peter},
  journal={Oikos},
  volume={117},
  number={3},
  pages={424--429},
  year={2008},
  publisher={Wiley Online Library}
}

@article{kochmer1986constraints,
  title={Constraints and competition in the evolution of flowering phenology},
  author={Kochmer, John P and Handel, Steven N},
  journal={Ecological monographs},
  volume={56},
  number={4},
  pages={303--325},
  year={1986},
  publisher={Wiley Online Library}
}

@article{willis2008phylogenetic,
  title={Phylogenetic patterns of species loss in Thoreau's woods are driven by climate change},
  author={Willis, Charles G and Ruhfel, Brad and Primack, Richard B and Miller-Rushing, Abraham J and Davis, Charles C},
  journal={Proceedings of the National Academy of Sciences},
  volume={105},
  number={44},
  pages={17029--17033},
  year={2008},
  publisher={National Acad Sciences}
}

@article{zohner2017spring,
  title={Spring predictability explains different leaf-out strategies in the woody floras of North America, Europe and East Asia},
  author={Zohner, Constantin M and Benito, Blas M and Fridley, Jason D and Svenning, Jens-Christian and Renner, Susanne S},
  journal={Ecology letters},
  volume={20},
  number={4},
  pages={452--460},
  year={2017},
  publisher={Wiley Online Library}
}






